<record><leader>00000cas a22000007a 4500</leader><controlfield tag="001">21243618</controlfield><controlfield tag="008">900320d18991912mauwr ne      0    0eng d</controlfield><datafield ind1=" " ind2=" " tag="010"><subfield code="a">sn 89062317 </subfield></datafield><datafield ind1=" " ind2=" " tag="040"><subfield code="a">MGN</subfield><subfield code="b">eng</subfield><subfield code="c">MGN</subfield><subfield code="d">OCLCQ</subfield></datafield><datafield ind1=" " ind2=" " tag="042"><subfield code="a">msc</subfield></datafield><datafield ind1="0" ind2=" " tag="130"><subfield code="a">Sunday telegram (Lowell, Mass.)</subfield></datafield><datafield ind1="1" ind2="0" tag="245"><subfield code="a">Sunday telegram.</subfield></datafield><datafield ind1="1" ind2="7" tag="246"><subfield code="a">Lowell Sunday telegram</subfield></datafield><datafield ind1=" " ind2=" " tag="260"><subfield code="a">Lowell, Mass. :</subfield><subfield code="b">D.A. Long</subfield></datafield><datafield ind1=" " ind2=" " tag="300"><subfield code="a">v.</subfield></datafield><datafield ind1=" " ind2=" " tag="310"><subfield code="a">Weekly</subfield></datafield><datafield ind1="0" ind2=" " tag="362"><subfield code="a">1st year (Apr. 2, 1899)-Mar. 31, 1912.</subfield></datafield><datafield ind1=" " ind2=" " tag="580"><subfield code="a">Daily ed.: Lowell daily telegram, Oct. 21, 1907-June 29, 1908.</subfield></datafield><datafield ind1=" " ind2=" " tag="752"><subfield code="a">United States</subfield><subfield code="b">Massachusetts</subfield><subfield code="c">Middlesex</subfield><subfield code="d">Lowell.</subfield></datafield><datafield ind1="1" ind2=" " tag="775"><subfield code="t">Lowell daily telegram</subfield><subfield code="w">(DLC)sn 89062311</subfield></datafield><datafield ind1="0" ind2="0" tag="785"><subfield code="t">Lowell Sunday telegram</subfield><subfield code="w">(DLC)sn 89062316</subfield></datafield></record>